@INPROCEEDINGS{Yarygina-Overcoming, 
    author={T. {Yarygina} and A. H. {Bagge}}, 
    booktitle={2018 IEEE Symposium on Service-Oriented System Engineering (SOSE)}, 
    title={Overcoming Security Challenges in Microservice Architectures}, 
    year={2018}, 
    volume={}, 
    number={}, 
    pages={11-20}, 
    keywords={cloud computing;message authentication;security of data;service-oriented architecture;software engineering;security challenges;microservice architecture;microservice architectural style;highly scalable systems;flexible systems;microservice system;microservice security;microservices security;security implications;Netflix security decisions;layered security solution;security guidelines;security mechanisms;software engineering;Docker Swarm;Security;Service-oriented architecture;Computer architecture;Cloud computing;Hardware;Industries;Microservices;defense in depth;SOA;distributed systems;cloud;PKI;authentication;MTLS;REST;JWT}, 
    doi={10.1109/SOSE.2018.00011}, 
    ISSN={}, 
    month={March},
}

@misc{fowler_lewis_2014, 
    title={Microservices}, 
    url={https://www.martinfowler.com/articles/microservices.html}, 
    journal={martinfowler.com},
    howpublished = {Website}, 
    author={Fowler, Martin and Lewis, James},
    year={2014}, 
    month={Mar},
    note={Used for the definition of the term "microservice architecture", last accessed on 5. March 2019}
} 

@misc{smith_garrett_2018, 
    title={What Is a Service Mesh?}, url={https://www.nginx.com/blog/what-is-a-service-mesh/},
    journal={nginx.com},
    howpublished = {Website}, 
    author={Smith, Floyd and Garrett, Owen}, 
    year={2018}, 
    month={Apr},
    note={Used for the definition of the term "service mesh", last accessed on 5. March 2019}
} 

@MISC{Kitchenham07guidelinesfor,
    author = {B. Kitchenham and S. Charters},
    title = {Guidelines for performing Systematic Literature Reviews in Software Engineering},
    url={http://citeseerx.ist.psu.edu/showciting?doi=10.1.1.117.471},
    howpublished = {Technical Report}, 
    month={Jul},
    year = {2007},
    note={last accessed on 5. March 2019}
}

@MISC{lit_types,
    title={Comparative Literature: Primary, secondary and tertiary sources},
    author = {unknown},
    howpublished = {Website},
    url={https://guides.library.yale.edu/c.php?g=295916&p=1975868},
    month= {Jan},
    year={2019},
    note={Used for the definition of the three source types, last accessed on 5. March 2019}
}

@MISC{kube_doc,
    title={Kubernetes Documentation},
    url={https://kubernetes.io/docs/home/},
    howpublished = {Website},
    month= {Feb},
    year={2019},
    note={version 1.13, last accessed on 5. March 2019}
}

@MISC{istio_doc,
    title={Istio Docs},
    url={https://istio.io/docs/},
    howpublished = {Website},
    month= {Aug},
    year={2018},
    note={version 1.0, last accessed on 5. March 2019}
}

@InProceedings{privilege_esc_david,
author="Davi, Lucas
and Dmitrienko, Alexandra
and Sadeghi, Ahmad-Reza
and Winandy, Marcel",
title="Privilege Escalation Attacks on Android",
booktitle="Information Security",
year="2011",
publisher="Springer Berlin Heidelberg",
address="Berlin, Heidelberg",
pages="346--360",
isbn="978-3-642-18178-8"
}

@book{howtoreadapaper_greenhalgh,
  title={How to read a paper: The basics of evidence-based medicine},
  author={Greenhalgh, Trisha},
  year={2010},
  publisher={John Wiley \& Sons}
}

@article{qualityassessment_dybaa2008,
  title={Empirical studies of agile software development: A systematic review},
  author={Dyb{\aa}, Tore and Dings{\o}yr, Torgeir},
  journal={Information and software technology},
  volume={50},
  number={9-10},
  pages={833--859},
  year={2008},
  publisher={Elsevier}
}



% This section lists the literature for the review

@inproceedings{T1_ACM_zhang_2017,
 author = {Zhang, Nuyun and Li, Hongda and Hu, Hongxin and Park, Younghee},
 title = {Towards Effective Virtualization of Intrusion Detection Systems},
 booktitle = {Proceedings of the ACM International Workshop on Security in Software Defined Networks; Network Function Virtualization},
 series = {SDN-NFVSec '17},
 year = {2017},
 isbn = {978-1-4503-4908-6},
 location = {Scottsdale, Arizona, USA},
 pages = {47--50},
 numpages = {4},
 url = {http://doi.acm.org/10.1145/3040992.3041004},
 doi = {10.1145/3040992.3041004},
 acmid = {3041004},
 publisher = {ACM},
 address = {New York, NY, USA},
 keywords = {intrusion detection systems, microservices, network function virtualization},
} 

@inproceedings{T1_base_otterstad_2017,
  title={Low-level exploitation mitigation by diverse microservices},
  author={Otterstad, Christian and Yarygina, Tetiana},
  booktitle={European Conference on Service-Oriented and Cloud Computing},
  pages={49--56},
  year={2017},
  organization={Springer}
}

@INPROCEEDINGS{T1_IEEE_alshuqayran_2018, 
author={N. {Alshuqayran} and N. {Ali} and R. {Evans}}, 
booktitle={2016 IEEE 9th International Conference on Service-Oriented Computing and Applications (SOCA)}, 
title={A Systematic Mapping Study in Microservice Architecture}, 
year={2016}, 
volume={}, 
number={}, 
pages={44-51}, 
keywords={service-oriented architecture;systematic mapping;microservice architecture;software development;software architectural styles;software architectural design;online service providers;architectural diagrams;architectural views;quality attributes;microsevice systems;Computer architecture;Service-oriented architecture;Systematics;Conferences;Security;Business}, 
doi={10.1109/SOCA.2016.15}, 
ISSN={}, 
month={Nov},}


@INPROCEEDINGS{T1_IEEE_banati_2018, 
author={A. {Bánáti} and E. {Kail} and K. {Karóczkai} and M. {Kozlovszky}}, 
booktitle={2018 41st International Convention on Information and Communication Technology, Electronics and Microelectronics (MIPRO)}, 
title={Authentication and authorization orchestrator for microservice-based software architectures}, 
year={2018}, 
volume={}, 
number={}, 
pages={1180-1184}, 
keywords={application program interfaces;authorisation;cloud computing;cryptography;Java;software architecture;microservice-based software architectures;IT solutions;intensive user activities;well-scalable distributed solutions;software technology point;classical monolithic architectures;authorization processes;JSON Web Token;authorization orchestrator service;Authentication;Authorization;Standards;authentication;authorization;microservice architecture}, 
doi={10.23919/MIPRO.2018.8400214}, 
ISSN={}, 
month={May},}


@ARTICLE{T1_IEEE_fetzer_2016,
author={C. {Fetzer}},
journal={IEEE Security Privacy},
title={Building Critical Applications Using Microservices},
year={2016},
volume={14},
number={6},
pages={86-89},
keywords={trusted computing;critical applications;critical software correctness;microservice-based system;trustworthy systems;legacy hardware;software components;microservice integrity;microservice confidentiality;secure enclaves;Containers;Linux;Buildings;Kernel;Security;security;secure enclaves;Linux;microservices;software;hardware},
doi={10.1109/MSP.2016.129},
ISSN={1540-7993},
month={Nov},}


@INPROCEEDINGS{T1_IEEE_torkura_2018,
author={K. A. {Torkura} and M. I. H. {Sukmana} and A. V. D. M. {Kayem}},
booktitle={2018 IEEE Intl Conf on Parallel Distributed Processing with Applications, Ubiquitous Computing Communications, Big Data Cloud Computing, Social Computing Networking, Sustainable Computing Communications (ISPA/IUCC/BDCloud/SocialCom/SustainCom)},
title={A Cyber Risk Based Moving Target Defense Mechanism for Microservice Architectures},
year={2018},
volume={},
number={},
pages={932-939},
keywords={Security;Risk analysis;Measurement;Software;Logic gates;Indexes;Transforms;Security Risk Assessment, Security Metrics, Moving Target Defense, Microservices Security, Application Container Security},
doi={10.1109/BDCloud.2018.00137},
ISSN={},
month={Dec},}


@ARTICLE{T1_IEEE_nehme_2019, 
author={A. {Nehme} and V. {Jesus} and K. {Mahbub} and A. {Abdallah}},
journal={IT Professional}, 
title={Securing Microservices}, 
year={2019}, 
volume={21}, 
number={1}, 
pages={42-49}, 
keywords={Security;Service-oriented architecture;Logic gates;Software development management;Product life cycle management}, 
doi={10.1109/MITP.2018.2876987}, 
ISSN={1520-9202}, 
month={Jan},}


@INPROCEEDINGS{T1_IEEE_pahl_2018, 
author={M. {Pahl} and F. {Aubet}}, 
booktitle={2018 14th International Conference on Network and Service Management (CNSM)}, 
title={All Eyes on You: Distributed Multi-Dimensional IoT Microservice Anomaly Detection}, 
year={2018}, 
volume={}, 
number={}, 
pages={72-80}, 
keywords={authorisation;Internet of Things;learning (artificial intelligence);IoT site;IoT service behavior;distributed IoT nodes;IoT attacks;distributed system;machine learning;inter-service communication;distributed multidimensional IoT microservice anomaly detection;IoT installations;IoT firewall;access control;domain knowledge;Security;Biological system modeling;Computational modeling;Internet of Things;Adaptation models;Monitoring;Middleware;IoT;security;machine learning;modeling;anomaly detection}, 
doi={}, 
ISSN={2165-963X}, 
month={Nov},}


@INPROCEEDINGS{T1_IEEE_perrone_2017,
author={G. {Perrone} and S. P. {Romano}},
booktitle={2017 Principles, Systems and Applications of IP Telecommunications (IPTComm)},
title={The Docker Security Playground: A hands-on approach to the study of network security},
year={2017},
volume={},
number={},
pages={1-8},
keywords={application program interfaces;computer aided instruction;security of data;software architecture;docker security playground;network security;DSP;architecture leveraging a microservices;complex network;security labs;microservices;public repository;application programming interface;Security;Communication networks;Tools;Containers;Virtualization;Standards},
doi={10.1109/IPTCOMM.2017.8169747},
ISSN={},
month={Sep.},}


@INPROCEEDINGS{T1_IEEE_phipathananunth_2018, 
author={C. {Phipathananunth} and P. {Bunyakiati}}, 
booktitle={2018 IEEE 42nd Annual Computer Software and Applications Conference (COMPSAC)}, 
title={Synthetic Runtime Monitoring of Microservices Software Architecture}, 
year={2018}, 
volume={02}, 
number={}, 
pages={448-453}, 
keywords={formal specification;object-oriented programming;software architecture;Unified Modeling Language;Pink;object diagrams;OCL specifications;synthetic runtime monitoring;microservices software architecture;microservices software systems;UML component diagram;UML sequence diagrams;monitoring scripts;Monitoring;Unified modeling language;Runtime;Tools;Testing;Software;Servers;microservices;monitoring;software test automation}, 
doi={10.1109/COMPSAC.2018.10274}, 
ISSN={0730-3157}, 
month={July},}


@INPROCEEDINGS{T1_IEEE_sun_2015,
author={Y. {Sun} and S. {Nanda} and T. {Jaeger}},
booktitle={2015 IEEE 7th International Conference on Cloud Computing Technology and Science (CloudCom)},
title={Security-as-a-Service for Microservices-Based Cloud Applications},
year={2015},
volume={},
number={},
pages={50-57},
keywords={application program interfaces;cloud computing;security of data;trusted computing;security-as-a-service;microservice-based cloud applications;API primitive FlowTap;network hypervisor;policy enforcement infrastructure;Bro network monitor;Monitoring;Security;Cloud computing;DVD;Computer architecture;Electronic mail;Complexity theory;microservices;network monitoring;security},
doi={10.1109/CloudCom.2015.93},
ISSN={},
month={Nov},}

@INPROCEEDINGS{T1_IEEE_yarygina_2018,
author={T. {Yarygina} and A. H. {Bagge}},
booktitle={2018 IEEE Symposium on Service-Oriented System Engineering (SOSE)},
title={Overcoming Security Challenges in Microservice Architectures},
year={2018},
volume={},
number={},
pages={11-20},
keywords={cloud computing;message authentication;security of data;service-oriented architecture;software engineering;security challenges;microservice architecture;microservice architectural style;highly scalable systems;flexible systems;microservice system;microservice security;microservices security;security implications;Netflix security decisions;layered security solution;security guidelines;security mechanisms;software engineering;Docker Swarm;Security;Service-oriented architecture;Computer architecture;Cloud computing;Hardware;Industries;Microservices;defense in depth;SOA;distributed systems;cloud;PKI;authentication;MTLS;REST;JWT},
doi={10.1109/SOSE.2018.00011},
ISSN={},
month={March},}


@inproceedings{T2_ACM_schreiner_2008,
 author = {Schreiner, Rudolf and Lang, Ulrich},
 title = {Protection of Complex Distributed Systems},
 booktitle = {Proceedings of the 2008 Workshop on Middleware Security},
 series = {MidSec '08},
 year = {2008},
 isbn = {978-1-60558-363-1},
 location = {Leuven, Belgium},
 pages = {7--12},
 numpages = {6},
 url = {http://doi.acm.org/10.1145/1463342.1463344},
 doi = {10.1145/1463342.1463344},
 acmid = {1463344},
 publisher = {ACM},
 address = {New York, NY, USA},
 keywords = {distributed systems security, model driven security, service oriented architecture},
} 


@INPROCEEDINGS{T2_IEEE_bai_2008, 
author={Y. {Bai}}, 
booktitle={2008 International Conference on Security Technology}, 
title={On Distributed System Security}, 
year={2008}, 
volume={}, 
number={}, 
pages={54-57}, 
keywords={authorisation;distributed processing;inference mechanisms;knowledge representation;logic programming;specification languages;distributed system security;distributed authorization;IT system;high level formal language;credential chain discovery;system prototype;access control policy;knowledge representation;inference mechanism;logic programming;Authorization;Access control;Data security;Logic;Distributed computing;IP networks;Transaction databases;Formal languages;Formal specifications;Power system security;authorization;formal specification;distributed systems;logic program}, 
doi={10.1109/SecTech.2008.22}, 
ISSN={}, 
month={Dec},}

@INPROCEEDINGS{T2_IEEE_cole_1990, 
author={R. {Cole}}, 
booktitle={IEE Colloquium on Building Distributed Systems}, 
title={Security for distributed systems}, 
year={1990}, 
volume={}, 
number={}, 
pages={8/1-8/3}, 
keywords={distributed processing;object-oriented programming;security of data;cryptography;security;distributed systems;object oriented distributed systems;Distributed computing;Object oriented programming;Data security}, 
doi={}, 
ISSN={}, 
month={Nov},}

@INPROCEEDINGS{T2_IEEE_dobry_1994, 
author={R. {Dobry} and M. D. {Schanken}}, 
booktitle={Tenth Annual Computer Security Applications Conference}, 
title={Security concerns for distributed systems}, 
year={1994}, 
volume={}, 
number={}, 
pages={12-20}, 
keywords={security of data;distributed processing;standards;distributed systems;Trusted Computer System Evaluation Criteria;TCSEC;standard;security concerns;commercial products;trust requirements;sensitive applications;networked distributed systems;Orange Book;draft Federal Criteria;international Common Criteria;security requirements;secure distributed systems;National security;Computer networks;Computer aided manufacturing;Computer security;Books;NIST;North America;Europe;Distributed computing;Data security}, 
doi={10.1109/CSAC.1994.367323}, 
ISSN={}, 
month={Dec},}

@article{T3_scholar_coelho_2018,
  journal={unknown},
  title={Security in Microservices Architectures},
  author={Coelho, Nuno Mateus},
  year={2018},
  month={Dec},
}

@INPROCEEDINGS{T4_citeeerx_provos_2003,
author = {Niels Provos},
title = {Preventing Privilege Escalation},
booktitle = {In Proceedings of the 12th USENIX Security Symposium},
year = {2003},
pages = {231--242}
}


@ARTICLE{T4_IEEE_qiang_2018, 
author={W. {Qiang} and J. {Yang} and H. {Jin} and X. {Shi}}, 
journal={IEEE Access}, 
title={PrivGuard: Protecting Sensitive Kernel Data From Privilege Escalation Attacks}, 
year={2018}, 
volume={6}, 
number={}, 
pages={46584-46594}, 
keywords={authorisation;data integrity;Linux;operating system kernels;security of data;protecting sensitive kernel data;privilege escalation attacks;existing kernel defense mechanisms focus;preventing control-data attacks;noncontrol-data attacks;compromise sensitive kernel data;duplicated sensitive data;Kernel;Linux;Data integrity;Access control;Prototypes;Kernel;non-control-data;credential;privilege escalation}, 
doi={10.1109/ACCESS.2018.2866498}, 
ISSN={2169-3536}, 
month={},}


@INPROCEEDINGS{T4_IEEE_wei_2016, 
author={L. {Wei} and Y. {Zuo} and Y. {Ding} and P. {Dong} and C. {Huang} and Y. {Gao}}, 
booktitle={2016 30th International Conference on Advanced Information Networking and Applications Workshops (WAINA)}, 
title={Security Identifier Randomization: A Method to Prevent Kernel Privilege-Escalation Attacks}, 
year={2016}, 
volume={}, 
number={}, 
pages={838-842}, 
keywords={authorisation;data protection;Linux;operating system kernels;kernel privilege-escalation attack prevention;root user protection;SELinux;kernel privilege-escalation vulnerabilities;process security;access control;security identifier randomization method;Kernel;Context;Linux;Resource management;Access control;Instruction sets;SELinux;privilege escalation;vulnerability exploitation}, 
doi={10.1109/WAINA.2016.19}, 
ISSN={}, 
month={March},}


@INPROCEEDINGS{T4_IEEE_yamauchi_2018, 
author={T. {Yamauchi} and Y. {Akao} and R. {Yoshitani} and Y. {Nakamura} and M. {Hashimoto}}, 
booktitle={2018 IEEE Conference on Dependable and Secure Computing (DSC)}, 
title={Additional Kernel Observer to Prevent Privilege Escalation Attacks by Focusing on System Call Privilege Changes}, 
year={2018}, 
volume={}, 
number={}, 
pages={1-8}, 
keywords={Linux;operating system kernels;security of data;additional kernel observer method;AKO;privilege escalation attacks prevention;system call privilege changes;operating system vulnerabilities;administrators privilege;Security-Enhanced Linux;Kernel;Linux;Monitoring;Security;Observers;Focusing;privilege escalation attack-prevention;OS;system security}, 
doi={10.1109/DESEC.2018.8625137}, 
ISSN={}, 
month={Dec},}


@article{T5_ACM_killalea_2016,
 author = {Killalea, Tom},
 title = {The Hidden Dividends of Microservices},
 journal = {Commun. ACM},
 issue_date = {August 2016},
 volume = {59},
 number = {8},
 month = jul,
 year = {2016},
 issn = {0001-0782},
 pages = {42--45},
 numpages = {4},
 url = {http://doi.acm.org/10.1145/2948985},
 doi = {10.1145/2948985},
 acmid = {2948985},
 publisher = {ACM},
 address = {New York, NY, USA},
} 

@INPROCEEDINGS{T5_IEEE_fu_2018, 
author={G. {Fu} and J. {Sun} and J. {Zhao}}, 
booktitle={2018 2nd IEEE Conference on Energy Internet and Energy System Integration (EI2)}, 
title={An optimized control access mechanism based on micro-service architecture}, 
year={2018}, 
volume={}, 
number={}, 
pages={1-5}, 
keywords={authorisation;cloud computing;optimisation;service-oriented architecture;microservice environment;optimized control access mechanism;microservice architecture;cloud technology;software development architecture mode;function iteration;Access control;Business;Cryptography;Computational modeling;Computer architecture;Reliability;microservice architecture;access control;RBAC;optimization model}, 
doi={10.1109/EI2.2018.8582628}, 
ISSN={}, 
month={Oct},}


@inproceedings{T6_ACM_dhage_2011,
 author = {Dhage, S. N. and Meshram, B. B. and Rawat, R. and Padawe, S. and Paingaokar, M. and Misra, A.},
 title = {Intrusion Detection System in Cloud Computing Environment},
 booktitle = {Proceedings of the International Conference; Workshop on Emerging Trends in Technology},
 series = {ICWET '11},
 year = {2011},
 isbn = {978-1-4503-0449-8},
 location = {Mumbai, Maharashtra, India},
 pages = {235--239},
 numpages = {5},
 url = {http://doi.acm.org/10.1145/1980022.1980076},
 doi = {10.1145/1980022.1980076},
 acmid = {1980076},
 publisher = {ACM},
 address = {New York, NY, USA},
 keywords = {cloud computing, intrusion detection, intrusion prevention},
} 


@inproceedings{T6_ACM_thang_2016,
 author = {Thang, Dang Duy and Nam, Le Hoai and Khoi, Nguyen Tan},
 title = {Poster: Developing an Intrusion Detection System for Cloud Computing},
 booktitle = {Proceedings of the 14th Annual International Conference on Mobile Systems, Applications, and Services Companion},
 series = {MobiSys '16 Companion},
 year = {2016},
 isbn = {978-1-4503-4416-6},
 location = {Singapore, Singapore},
 pages = {20--20},
 numpages = {1},
 url = {http://doi.acm.org/10.1145/2938559.2948834},
 doi = {10.1145/2938559.2948834},
 acmid = {2948834},
 publisher = {ACM},
 address = {New York, NY, USA},
 keywords = {cloud computing, intrusion detection},
} 


@inproceedings{T6_ACM_wheeler_2007,
 author = {Wheeler, Patrick and Fulp, Errin},
 title = {A Taxonomy of Parallel Techniques for Intrusion Detection},
 booktitle = {Proceedings of the 45th Annual Southeast Regional Conference},
 series = {ACM-SE 45},
 year = {2007},
 isbn = {978-1-59593-629-5},
 location = {Winston-Salem, North Carolina},
 pages = {278--282},
 numpages = {5},
 url = {http://doi.acm.org/10.1145/1233341.1233391},
 doi = {10.1145/1233341.1233391},
 acmid = {1233391},
 publisher = {ACM},
 address = {New York, NY, USA},
 keywords = {intrusion detection systems (IDS), security},
}

@article{T6_citeseerx_paxon_1999,
 author = {Paxson, Vern},
 title = {Bro: A System for Detecting Network Intruders in Real-time},
 journal = {Comput. Netw.},
 issue_date = {Dec. 1999},
 volume = {31},
 number = {23-24},
 month = dec,
 year = {1999},
 issn = {1389-1286},
 pages = {2435--2463},
 numpages = {29},
 url = {http://dx.doi.org/10.1016/S1389-1286(99)00112-7},
 doi = {10.1016/S1389-1286(99)00112-7},
 acmid = {337972},
 publisher = {Elsevier North-Holland, Inc.},
 address = {New York, NY, USA},
 keywords = {domain-specific languages, network intrusion detection, network monitoring evasion, passive network monitoring},
} 


@inproceedings{T6_citeseerx_roesch_1999,
 author = {Roesch, Martin},
 title = {Snort - Lightweight Intrusion Detection for Networks},
 booktitle = {Proceedings of the 13th USENIX Conference on System Administration},
 series = {LISA '99},
 year = {1999},
 location = {Seattle, Washington},
 pages = {229--238},
 numpages = {10},
 url = {http://dl.acm.org/citation.cfm?id=1039834.1039864},
 acmid = {1039864},
 publisher = {USENIX Association},
 address = {Berkeley, CA, USA},
} 

@article{T7_ACM_stillerman_1999,
 author = {Stillerman, Matthew and Marceau, Carla and Stillman, Maureen},
 title = {Intrusion Detection for Distributed Applications},
 journal = {Commun. ACM},
 issue_date = {July 1999},
 volume = {42},
 number = {7},
 month = jul,
 year = {1999},
 issn = {0001-0782},
 pages = {62--69},
 numpages = {8},
 url = {http://doi.acm.org/10.1145/306549.306577},
 doi = {10.1145/306549.306577},
 acmid = {306577},
 publisher = {ACM},
 address = {New York, NY, USA},
} 


@inproceedings{T7_ACM_zimmermann_2006,
 author = {Zimmermann, Jacob and Mohay, George},
 title = {Distributed Intrusion Detection in Clusters Based on Non-interference},
 booktitle = {Proceedings of the 2006 Australasian Workshops on Grid Computing and e-Research - Volume 54},
 series = {ACSW Frontiers '06},
 year = {2006},
 isbn = {1-920-68236-8},
 location = {Hobart, Tasmania, Australia},
 pages = {89--95},
 numpages = {7},
 url = {http://dl.acm.org/citation.cfm?id=1151828.1151840},
 acmid = {1151840},
 publisher = {Australian Computer Society, Inc.},
 address = {Darlinghurst, Australia, Australia},
 keywords = {MPI, clusters, intrusion detection},
} 

@inproceedings{T7_citeseerx_gasser_1989,
author = {Gasser, Morrie and Goldstein, Andy and Kaufman, Charlie and Lampson, Butler},
title = {The Digital Distributed System Security Architecture},
year = {1989},
month = {January},
booktitle = {Proceedings of the 1989 Computer Security Conference},
abstract = {

The Digital Distributed System Security Architecture is a comprehensive specification for security in a distributed system that employs state-of-the-art concepts to address the needs of both commercial and government environments. The architecture covers user and system authentication, mandatory and discretionary security, secure initialization and loading, and delegation in a general-purpose computing environment of heterogeneous systems where there are no central authorities, no global trust, and no central controls. The architecture prescribes a framework for all applications and operating systems currently available or to be developed. Because the distributed system is an open OSI environment, where functional interoperability only requires compliance with selected protocols needed by a given application, the architecture must be designed to securely support systems that do not implement or use any of the security services, while providing extensive additional security capabilities for those systems that choose to implement the architecture.


},
publisher = {National Institute of Standards and Technology},
url = {https://www.microsoft.com/en-us/research/publication/the-digital-distributed-system-security-architecture/},
}

@INPROCEEDINGS{T7_IEEE_balaz_2010, 
author={A. {Baláž} and J. {Trelová} and M. {Kostráb}}, 
booktitle={2010 IEEE 14th International Conference on Intelligent Engineering Systems}, 
title={Architecture of distributed intrusion detection system based on anomalies}, 
year={2010}, 
volume={}, 
number={}, 
pages={79-83}, 
keywords={distributed processing;distributed sensors;security of data;distributed intrusion detection system;two-layer hybrid model;detection sensors;statistical methods;distributed processing;Intrusion detection;Sensor systems;Computer architecture;Statistical analysis;Event detection;Intelligent sensors;Informatics;Distributed processing;Petri nets;Nonhomogeneous media}, 
doi={10.1109/INES.2010.5483870}, 
ISSN={1543-9259}, 
month={May},}


@INPROCEEDINGS{T7_IEEE_grzech_2009, 
author={A. {Grzech}}, 
booktitle={2009 First Asian Conference on Intelligent Information and Database Systems}, 
title={Intelligent Distributed Intrusion Detection Systems of Computer Communication Systems}, 
year={2009}, 
volume={}, 
number={}, 
pages={1-6}, 
keywords={security of data;intelligent distributed intrusion detection systems;computer communication systems;intrusion detection system architectures;intrusion detection systems quality;Intrusion detection;Distributed computing;Computerized monitoring;Intelligent networks;Computer networks;Computer architecture;Communication system security;Deductive databases;Telecommunication traffic;Technology management;computer communication systems;anomaly detection;distributed intrusion detection systems}, 
doi={10.1109/ACIIDS.2009.87}, 
ISSN={}, 
month={April},}


@INPROCEEDINGS{T7_IEEE_huang_2010, 
author={W. {Huang} and Y. {An} ; W. {Du}}, 
booktitle={2010 3rd International Conference on Advanced Computer Theory and Engineering(ICACTE)}, 
title={A Multi-Agent-Based Distributed Intrusion Detection System}, 
year={2010}, 
volume={3}, 
number={}, 
pages={V3-141-V3-143}, 
keywords={computer network security;distributed processing;multi-agent systems;multi-agent based distributed intrusion detection system;firewall;three dimensional defense system;Data analysis;Educational institutions;Fires;Engines;Distributed Intrusion Detection System;network security;multi-agent}, 
doi={10.1109/ICACTE.2010.5579686}, 
ISSN={2154-7505}, 
month={Aug},}

@INPROCEEDINGS{T7_IEEE_huang_li_2010, 
author={W. {Huang} and G. {Li} and Y. {An} and F. {Wang}}, 
booktitle={2010 International Symposium on Computer, Communication, Control and Automation (3CA)}, 
title={The application of Distributed Intrusion Detection System in electronic commerce}, 
year={2010}, 
volume={1}, 
number={}, 
pages={499-502}, 
keywords={electronic commerce;Internet;security of data;distributed intrusion detection system;Internet;electronic commerce security;Intrusion detection;Electronic commerce;Virtual reality;Decision support systems;Automatic control;Communication system control;Automation;Mercury (metals);electronic commerce;Distributed Intrusion Detection System;network security}, 
doi={10.1109/3CA.2010.5533746}, 
ISSN={2324-7983}, 
month={May},}


@INPROCEEDINGS{T7_IEEE_huang_li_an_2010, 
author={W. {Huang} and G. {Li} and Y. {An} and F. {Wang }}, 
booktitle={2010 International Symposium on Computer, Communication, Control and Automation (3CA)}, 
title={About distributed intrusion Detection System's research}, 
year={2010}, 
volume={1}, 
number={}, 
pages={495-498}, 
keywords={authorisation;distributed intrusion detection system;firewalls;network security protection;Intrusion detection;Virtual reality;Automatic control;Communication system control;Automation;Distributed Intrusion Detection System;network security;data collection agent;analysis engine;response Subsystem}, 
doi={10.1109/3CA.2010.5533750}, 
ISSN={2324-7983}, 
month={May},}


@inproceedings{T8_ACM_dekker_2007,
 author = {Dekker, M. A. C. and Cederquist, J. G. and Crampton, J. and Etalle, S.},
 title = {Extended Privilege Inheritance in RBAC},
 booktitle = {Proceedings of the 2Nd ACM Symposium on Information, Computer and Communications Security},
 series = {ASIACCS '07},
 year = {2007},
 isbn = {1-59593-574-6},
 location = {Singapore},
 pages = {383--385},
 numpages = {3},
 url = {http://doi.acm.org/10.1145/1229285.1229335},
 doi = {10.1145/1229285.1229335},
 acmid = {1229335},
 publisher = {ACM},
 address = {New York, NY, USA},
 keywords = {RBAC, access control, administrative privileges},
} 


@inproceedings{T8_ACM_snyder_2015,
 author = {Snyder, Peter and Kanich, Chris},
 title = {One Thing Leads to Another: Credential Based Privilege Escalation},
 booktitle = {Proceedings of the 5th ACM Conference on Data and Application Security and Privacy},
 series = {CODASPY '15},
 year = {2015},
 isbn = {978-1-4503-3191-3},
 location = {San Antonio, Texas, USA},
 pages = {135--137},
 numpages = {3},
 url = {http://doi.acm.org/10.1145/2699026.2699127},
 doi = {10.1145/2699026.2699127},
 acmid = {2699127},
 publisher = {ACM},
 address = {New York, NY, USA},
 keywords = {web privacy, web security},
}


@INPROCEEDINGS{T9_IEEE_ravichandiran_2018, 
author={R. {Ravichandiran} and H. {Bannazadeh} and A. {Leon-Garcia}}, 
booktitle={2018 4th IEEE Conference on Network Softwarization and Workshops (NetSoft)}, 
title={Anomaly Detection using Resource Behaviour Analysis for Autoscaling systems}, 
year={2018}, 
volume={}, 
number={}, 
pages={192-196}, 
keywords={autoregressive processes;cloud computing;security of data;Elascale autoscaling engine;unusual anomalies;univariate autoregressive statistical models;anomaly detection mechanism;provision resources;malicious workload;illegitimate workload;additional resources;cloud environment;autoscaling systems;resource behaviour analysis;autoscaling platform;anomalous behaviour;detection mechanisms;Anomaly detection;Predictive models;Cloud computing;Monitoring;Web servers;Data models;Conferences}, 
doi={10.1109/NETSOFT.2018.8460025}, 
ISSN={}, 
month={June},}

@misc{richardson_2018, 
title={Microservices Pattern: API gateway pattern}, url={https://microservices.io/patterns/apigateway.html}, journal={microservices.io}, 
author={Richardson, Chris}, 
year={2018},
note={Last accessed 25.04.2019}
}